@inproceedings{riedl2013,
 author    = {Riedl, Mark Owen and Zook, Alexander},
 title     = {AI for Game Production},
 journal   = {IEEE Conference on Computational Intelligence in Games},
 location  = {Niagara Falls, Ontario},
 year      = {2013},
 publisher = {{IEEE} Computer Society Press},
}

@inproceedings{silver2013,
 author    = {Silver, Daniel L. and Yang, Quiang and Li, Lianghao},
 title     = {Lifelong Machine Learning Systems: Beyond Learning Algorithms},
 journal   = {AAAI Spring Symposium},
 year      = {2013},
}

@article{thrun1995lifelong,
  title={Lifelong robot learning},
  author={Thrun, Sebastian and Mitchell, Tom M},
  journal={Robotics and autonomous systems},
  volume={15},
  number={1},
  pages={25--46},
  year={1995},
  publisher={Elsevier},
}

@inproceedings{eaton2013ella,
  title={{ELLA}: An Efficient Lifelong Learning Algorithm},
  author={Eaton, Eric and Ruvolo, Paul L},
  booktitle={Proceedings of the 30th International Conference on Machine Learning (ICML-13)},
  pages={507--515},
  year={2013}
}

Citation for HTN
@inproceedings{DBLP:conf/ijcai/Sacerdoti75,
    author = {Sacerdoti, Earl D.},
    booktitle = {Fourth International Joint Conference on Artificial Intelligence (IJCAI-75)},
    citeulike-article-id = {12458604},
    keywords = {ai, htn, planning},
    pages = {206--214},
    posted-at = {2013-07-03 11:27:33},
    priority = {0},
    title = {{The Nonlinear Nature of Plans}},
    year = {1975}
}

@inproceedings{htn94complexity,
    author = {Erol, Kutluhan and Hendler, James and Nau, Dana S.},
    booktitle = {Proceedings of the Twelfth National Conference on Artificial Intelligence (AAAI-94)},
    pages = {1123--1128},
    title = {{HTN} planning: Complexity and expressivity},
    volume = {2},
    year = {1994}
}

Citation for BT
@inproceedings{Isla05BehaviorTrees,
    author = {Isla, Damian},
    booktitle = {Game Developers Conference},
    citeulike-article-id = {12318289},
    keywords = {ai, behavior\_trees, video\_games},
    posted-at = {2013-05-03 15:19:10},
    priority = {2},
    title = {{Handling Complexity in Halo 2 AI}},
    year = {2005}
}

Citation for STRIPS in FEAR
@inproceedings{orkin06fear,
    author = {Orkin, Jeff},
    booktitle = {Proceedings of the Game Developers Conference (GDC)},
    citeulike-article-id = {6748755},
    citeulike-linkout-0 = {http://web.media.mit.edu/\~{}jorkin/gdc2006\_orkin\_jeff\_fear.pdf},
    citeulike-linkout-1 = {http://web.media.mit.edu/\~{}jorkin/goap.html},
    keywords = {ai, planning, strips, video\_games},
    posted-at = {2010-11-04 14:46:11},
    priority = {0},
    title = {{Three States and a Plan: The AI of F.E.A.R.}},
    url = {http://web.media.mit.edu/\~{}jorkin/gdc2006\_orkin\_jeff\_fear.pdf},
    year = {2006}
}

Gamification
@inproceedings{huotari2012defining,
  title={Defining gamification: a service marketing perspective},
  author={Huotari, Kai and Hamari, Juho},
  booktitle={Proceeding of the 16th International Academic MindTrek Conference},
  pages={17--22},
  year={2012},
  organization={ACM}
}

@inproceedings{abaci2005planning,
  title={Planning with Smart Objects.},
  author={Abaci, Tolga and Ciger, Jan and Thalmann, Daniel},
  booktitle={WSCG (Short Papers)},
  pages={25--28},
  year={2005},
  organization={Citeseer}
}

@article{fikes1972strips,
  title={STRIPS: A new approach to the application of theorem proving to problem solving},
  author={Fikes, Richard E and Nilsson, Nils J},
  journal={Artificial intelligence},
  volume={2},
  number={3},
  pages={189--208},
  year={1972},
  publisher={Elsevier}
}

@article{levesque1997golog,
  title={GOLOG: A logic programming language for dynamic domains},
  author={Levesque, Hector J and Reiter, Raymond and Lesperance, Yves and Lin, Fangzhen and Scherl, Richard B},
  journal={The Journal of Logic Programming},
  volume={31},
  number={1},
  pages={59--83},
  year={1997},
  publisher={Elsevier}
}